@String(PAMI  = {IEEE TPAMI})
@String(IJCV  = {IJCV})
@String(CVPR  = {CVPR})
@String(ICCV  = {ICCV})
@String(ECCV  = {ECCV})
@String(NIPS  = {NeurIPS})
@String(ICPR  = {ICPR})
@String(BMVC  =	{BMVC})
@String(TOG   = {ACM TOG})
@String(TIP   = {IEEE TIP})
@String(TVCG  = {IEEE TVCG})
@String(TCSVT = {IEEE TCSVT})
@String(TMM   =	{IEEE TMM})
@String(ACMMM = {ACM MM})
@String(ICME  =	{ICME})
@String(ICASSP=	{ICASSP})
@String(ICIP  = {ICIP})
@String(ACCV  = {ACCV})
@String(ICLR  = {ICLR})
@String(IJCAI = {IJCAI})
@String(PR = {PR})
@String(AAAI = {AAAI})
@String(CVPRW= {CVPRW})
@String(CSVT = {IEEE TCSVT})



@String(PAMI = {IEEE Trans. Pattern Anal. Mach. Intell.})
@String(IJCV = {Int. J. Comput. Vis.})
@String(CVPR= {IEEE Conf. Comput. Vis. Pattern Recog.})
@String(ICCV= {Int. Conf. Comput. Vis.})
@String(ECCV= {Eur. Conf. Comput. Vis.})
@String(NIPS= {Adv. Neural Inform. Process. Syst.})
@String(ICPR = {Int. Conf. Pattern Recog.})
@String(BMVC= {Brit. Mach. Vis. Conf.})
@String(TOG= {ACM Trans. Graph.})
@String(TIP  = {IEEE Trans. Image Process.})
@String(TVCG  = {IEEE Trans. Vis. Comput. Graph.})
@String(TMM  = {IEEE Trans. Multimedia})
@String(ACMMM= {ACM Int. Conf. Multimedia})
@String(ICME = {Int. Conf. Multimedia and Expo})
@String(ICASSP=	{ICASSP})
@String(ICIP = {IEEE Int. Conf. Image Process.})
@String(ACCV  = {ACCV})
@String(ICLR = {Int. Conf. Learn. Represent.})
@String(IJCAI = {IJCAI})
@String(PR   = {Pattern Recognition})
@String(AAAI = {AAAI})
@String(CVPRW= {IEEE Conf. Comput. Vis. Pattern Recog. Worksh.})
@String(CSVT = {IEEE Trans. Circuit Syst. Video Technol.})

@String(SPL	= {IEEE Sign. Process. Letters})
@String(VR   = {Vis. Res.})
@String(JOV	 = {J. Vis.})
@String(TVC  = {The Vis. Comput.})
@String(JCST  = {J. Comput. Sci. Tech.})
@String(CGF  = {Comput. Graph. Forum})
@String(CVM = {Computational Visual Media})



@misc{attention1,
 author = {Kai Zhao, Liang Huang, Mingbo Ma},
 title = {Textual Entailment with Structured Attentions and Composition},
 year = 2017
}

@misc{attention2,
 author = {X. Zhao and H. Yanagimoto},
 title = {Text Entailment Generation with Attention-based Sequence-to-sequence Model},
 year = 2020
}

@misc{multilingualBert,
 author = {Hugging Face. Bert Multilingual Cased Model},
 title = {Bert Multilingual Cased Model},
 note = {\url{https://huggingface.co/bert-base-multilingual-cased}}
}

@misc{devlin2018,
 author = {Jacob Devlin, Ming-Wei Chang, Kenton Lee, Kristina Toutanova},
 title = {Bert : Pre-training of deep bidirectional transformers for language understanding},
 year = {2018}
}

@misc{xlm,
 author = {Guillaume Lample, Alexis Conneau},
 title = {Cross-lingual Language Model Pretraining},
 year = 2019
}


@misc{xgboost,
 author = {Tianqi Chen, Carlos Guestrin},
 title = {Xgboost: A scalable tree boosting system},
 year = 2016
}

@inproceedings{Radinsky2013,
  doi = {10.1145/2433396.2433431},
  url = {https://doi.org/10.1145/2433396.2433431},
  year = {2013},
  publisher = {{ACM} Press},
  author = {Kira Radinsky and Eric Horvitz},
  title = {Mining the web to predict future events},
  booktitle = {Proceedings of the sixth {ACM} international conference on Web search and data mining - {WSDM} {\textquotesingle}13}
}


@article{glue2019,
AUTHOR = {Alex Wang1, Amanpreet Singh, Julian Michael, Felix Hill, Omer Levy & Samuel R. Bowman},
TITLE = {Glue: a multi-task benchmark and analysis platform for Natural Language Understanding},
YEAR = {2019}
}



@Article{xmlr,
 author = {Alexis Conneau, Kartikay Khandelwal, Naman Goyal, Vishrav Chaudhary, Guillaume Wenzek, Francisco Guzm√°n, Edouard Grave, Myle Ott, Luke Zettlemoyer, Veselin Stoyanov},
 title = {Unsupervised Cross-lingual Representation Learning at Scale},
 year = 2019
}

@misc{Sainz2022,
Author = {Oscar Sainz and Itziar Gonzalez-Dios and Oier Lopez de Lacalle and Bonan Min and Eneko Agirre},
Title = {Textual Entailment for Event Argument Extraction: Zero- and Few-Shot with Multi-Source Learning},
Year = {2022},
Eprint = {arXiv:2205.01376},
}

@misc{webLanguages,
  author = {W3 Techs},
  title = {Usage statistics of content languages for websites},
  howpublished = {\url{https://w3techs.com/technologies/overview/content_language}},
  year = {2023}, 
  note = {Online; accessed 03-Jan-2023}
}

@misc{Kai2019,
Author = {Kai Hakala, Sampo Pyysalo},
Title = {Biomedical Named Entity Recognition with Multilingual BERT},
Year = {2019},
}

@inproceedings{sentenceBERT,
    title = "Sentence-BERT: Sentence Embeddings using Siamese BERT-Networks",
    author = "Reimers, Nils and Gurevych, Iryna",
    booktitle = "Proceedings of the 2019 Conference on Empirical Methods in Natural Language Processing",
    month = "11",
    year = "2019",
    publisher = "Association for Computational Linguistics",
    url = "http://arxiv.org/abs/1908.10084",
}

@misc{competition,
    author = {Amy Jang, Ana Sofia Uzsoy, Phil Culliton},
    title = {Contradictory, My Dear Watson},
    publisher = {Kaggle},
    year = {2020},
    howpublished = {\url{https://kaggle.com/competitions/contradictory-my-dear-watson}}
}

@article{reimers2020,
  author    = {Nils Reimers and
               Iryna Gurevych},
  title     = {Making Monolingual Sentence Embeddings Multilingual using Knowledge
               Distillation},
  journal   = {CoRR},
  volume    = {abs/2004.09813},
  year      = {2020},
  url       = {https://arxiv.org/abs/2004.09813},
  eprinttype = {arXiv},
  eprint    = {2004.09813},
  timestamp = {Thu, 26 Nov 2020 12:13:54 +0100},
  biburl    = {https://dblp.org/rec/journals/corr/abs-2004-09813.bib},
  bibsource = {dblp computer science bibliography, https://dblp.org}
}

@inproceedings{dagan2005,
  title={The pascal recognising textual entailment challenge},
  author={Dagan, Ido and Glickman, Oren and Magnini, Bernardo},
  booktitle={Machine learning challenges workshop},
  pages={177--190},
  year={2005},
  organization={Springer}
}

@article{nangia2017,
  title={The repeval 2017 shared task: Multi-genre natural language inference with sentence representations},
  author={Nangia, Nikita and Williams, Adina and Lazaridou, Angeliki and Bowman, Samuel R},
  journal={arXiv preprint arXiv:1707.08172},
  year={2017}
}

@Article{Rocha2018,
AUTHOR = {Rocha, Gil and Lopes Cardoso, Henrique},
TITLE = {Recognizing Textual Entailment: Challenges in the Portuguese Language},
JOURNAL = {Information},
VOLUME = {9},
YEAR = {2018},
NUMBER = {4},
ARTICLE-NUMBER = {76},
URL = {https://www.mdpi.com/2078-2489/9/4/76},
ISSN = {2078-2489},
DOI = {10.3390/info9040076}
}

@article{marelli2014,
  title={Semeval-2014 task 1: Evaluation of compositional distributional},
  author={Marelli, Marco and Bentivogli, Luisa and Baroni, Marco and Bernardi, Raffaella and Menini, Stefano and Zamparelli, Roberto},
  journal={SemEval-2014},
  year={2014}
}



@inproceedings{bos2005,
  title={Recognising textual entailment with logical inference},
  author={Bos, Johan and Markert, Katja},
  booktitle={Proceedings of Human Language Technology Conference and Conference on Empirical Methods in Natural Language Processing},
  pages={628--635},
  year={2005}
}

@inproceedings{lai2014,
    title = "{I}llinois-{LH}: A Denotational and Distributional Approach to Semantics",
    author = "Lai, Alice  and
      Hockenmaier, Julia",
    booktitle = "Proceedings of the 8th International Workshop on Semantic Evaluation ({S}em{E}val 2014)",
    month = aug,
    year = "2014",
    address = "Dublin, Ireland",
    publisher = "Association for Computational Linguistics",
    url = "https://aclanthology.org/S14-2055",
    doi = "10.3115/v1/S14-2055",
    pages = "329--334",
}

@article{androu2009,
  author    = {Ion Androutsopoulos and Prodromos Malakasiotis},
  title     = {A Survey of Paraphrasing and Textual Entailment Methods},
  journal   = {CoRR},
  volume    = {abs/0912.3747},
  year      = {2009},
  url       = {http://arxiv.org/abs/0912.3747},
  eprinttype = {arXiv},
  eprint    = {0912.3747},
  timestamp = {Mon, 13 Aug 2018 16:49:02 +0200},
  biburl    = {https://dblp.org/rec/journals/corr/abs-0912-3747.bib},
  bibsource = {dblp computer science bibliography, https://dblp.org}
}

@article{jiang2015,
  author    = {Shuohang Wang and Jing Jiang},
  title     = {Learning Natural Language Inference with {LSTM}},
  journal   = {CoRR},
  volume    = {abs/1512.08849},
  year      = {2015},
  url       = {http://arxiv.org/abs/1512.08849},
  eprinttype = {arXiv},
  eprint    = {1512.08849},
  timestamp = {Tue, 12 Feb 2019 20:45:01 +0100},
  biburl    = {https://dblp.org/rec/journals/corr/WangJ15b.bib},
  bibsource = {dblp computer science bibliography, https://dblp.org}
}

@inproceedings{bowman2015,
    title = "A large annotated corpus for learning natural language inference",
    author = "Bowman, Samuel R.  and
      Angeli, Gabor  and
      Potts, Christopher  and
      Manning, Christopher D.",
    booktitle = "Proceedings of the 2015 Conference on Empirical Methods in Natural Language Processing",
    month = sep,
    year = "2015",
    address = "Lisbon, Portugal",
    publisher = "Association for Computational Linguistics",
    url = "https://aclanthology.org/D15-1075",
    doi = "10.18653/v1/D15-1075",
    pages = "632--642",
}

@article{Tatu2006,
author = {Tatu, Marta and Iles, Brandon and Slavick, John and Novischi, Adrian and Moldovan, Dan},
year = {2006},
month = {01},
pages = {},
title = {Cogex at the second recognizing textual entailment challenge}
}

@inproceedings{transformersLib,
    title = "Transformers: State-of-the-Art Natural Language Processing",
    author = "Wolf, Thomas  and
      Debut, Lysandre  and
      Sanh, Victor  and
      Chaumond, Julien  and
      Delangue, Clement  and
      Moi, Anthony  and
      Cistac, Pierric  and
      Rault, Tim  and
      Louf, Remi  and
      Funtowicz, Morgan  and
      Davison, Joe  and
      Shleifer, Sam  and
      von Platen, Patrick  and
      Ma, Clara  and
      Jernite, Yacine  and
      Plu, Julien  and
      Xu, Canwen  and
      Le Scao, Teven  and
      Gugger, Sylvain  and
      Drame, Mariama  and
      Lhoest, Quentin  and
      Rush, Alexander",
    booktitle = "Proceedings of the 2020 Conference on Empirical Methods in Natural Language Processing: System Demonstrations",
    month = oct,
    year = "2020",
    address = "Online",
    publisher = "Association for Computational Linguistics",
    url = "https://aclanthology.org/2020.emnlp-demos.6",
    doi = "10.18653/v1/2020.emnlp-demos.6",
    pages = "38--45",
}